<record><leader>00000cas a22000007a 4500</leader><controlfield tag="001">10361618</controlfield><controlfield tag="008">840201d18691901mouwr ne      0    0eng  </controlfield><datafield ind1=" " ind2=" " tag="010"><subfield code="a">sn 84020106 </subfield></datafield><datafield ind1=" " ind2=" " tag="040"><subfield code="a">DLC</subfield><subfield code="b">eng</subfield><subfield code="c">DLC</subfield><subfield code="d">NPU</subfield><subfield code="d">NPV</subfield><subfield code="d">MQN</subfield><subfield code="d">NVF</subfield><subfield code="d">OCLCQ</subfield><subfield code="d">OCLCO</subfield><subfield code="d">OCLCQ</subfield><subfield code="d">OCLCF</subfield><subfield code="d">CUS</subfield></datafield><datafield ind1=" " ind2=" " tag="042"><subfield code="a">msc</subfield></datafield><datafield ind1=" " ind2=" " tag="043"><subfield code="a">n-us-mo</subfield></datafield><datafield ind1="0" ind2="0" tag="050"><subfield code="a">Newspaper 8583-X</subfield></datafield><datafield ind1="1" ind2="4" tag="050"><subfield code="a">AN</subfield></datafield><datafield ind1="0" ind2=" " tag="130"><subfield code="a">Kansas City weekly times (Kansas City, Mo. : 1869)</subfield></datafield><datafield ind1="1" ind2="4" tag="245"><subfield code="a">The Kansas City weekly times.</subfield></datafield><datafield ind1=" " ind2=" " tag="260"><subfield code="a">Kansas City, Mo. :</subfield><subfield code="b">Kansas City Times Pub. Co.</subfield></datafield><datafield ind1=" " ind2=" " tag="300"><subfield code="a">v. ;</subfield><subfield code="c">68-74 cm.</subfield></datafield><datafield ind1=" " ind2=" " tag="310"><subfield code="a">Weekly</subfield></datafield><datafield ind1="1" ind2=" " tag="362"><subfield code="a">Began in 1869; ceased in 1901?</subfield><subfield code="z">Cf. Gregory, W. Amer. newspapers.</subfield></datafield><datafield ind1=" " ind2=" " tag="580"><subfield code="a">Daily eds.: The Kansas City daily times, &lt;1871&gt;-1872, and: Kansas City times (Kansas City, Mo. : 1872), 1872-1882, and: Kansas City daily times (Kansas City, Mo. : 1882), 1882-1884, and: Kansas City times (Kansas City, Mo. : 1884), 1884-1901.</subfield></datafield><datafield ind1=" " ind2=" " tag="580"><subfield code="a">Triweekly ed.: Kansas City times (Kansas City, Mo. : Triweekly), &lt;1876&gt;.</subfield></datafield><datafield ind1=" " ind2=" " tag="588"><subfield code="a">Description based on: Vol. 1, no. 42 (July 8, 1869).</subfield></datafield><datafield ind1=" " ind2="0" tag="651"><subfield code="a">Kansas City (Mo.)</subfield><subfield code="v">Newspapers.</subfield></datafield><datafield ind1=" " ind2="7" tag="651"><subfield code="a">Missouri</subfield><subfield code="z">Kansas City.</subfield><subfield code="2">fast</subfield><subfield code="0">(OCoLC)fst01204999</subfield></datafield><datafield ind1=" " ind2="7" tag="655"><subfield code="a">Newspapers.</subfield><subfield code="2">fast</subfield><subfield code="0">(OCoLC)fst01423814</subfield></datafield><datafield ind1=" " ind2=" " tag="752"><subfield code="a">United States</subfield><subfield code="b">Missouri</subfield><subfield code="c">Jackson</subfield><subfield code="d">Kansas City.</subfield></datafield><datafield ind1="1" ind2=" " tag="775"><subfield code="t">Kansas City daily times</subfield><subfield code="w">(DLC)sn 88079195</subfield></datafield><datafield ind1="1" ind2=" " tag="775"><subfield code="t">Kansas City times (Kansas City, Mo. : 1872)</subfield><subfield code="w">(DLC)sn 90061219</subfield></datafield><datafield ind1="1" ind2=" " tag="775"><subfield code="t">Kansas City daily times (Kansas City, Mo. : 1882)</subfield><subfield code="w">(DLC)sn 90061443</subfield></datafield><datafield ind1="1" ind2=" " tag="775"><subfield code="t">Kansas City times (Kansas City, Mo. : 1884)</subfield><subfield code="w">(DLC)sn 90061444</subfield></datafield><datafield ind1="1" ind2=" " tag="775"><subfield code="t">Kansas City times (Kansas City, Mo. : Triweekly)</subfield><subfield code="w">(DLC)sn 84022335</subfield></datafield><datafield ind1="4" ind2="1" tag="856"><subfield code="3">09/18/1880 to 12/31/1900</subfield><subfield code="u">http://infoweb.newsbank.com/?db=EANX&amp;s_browseRef=decades/1126152C152E4978/all.xml</subfield></datafield><datafield ind1="1" ind2=" " tag="029"><subfield code="a">AU@</subfield><subfield code="b">000020409556</subfield></datafield></record>